@Manual{atmega328,
  author = {Atmel},
  title        = {8-bit AVR Microcontroller with 32K Bytes In-System Programmable Flash},
  number       = {ATmega328P},
  note         = {Datasheet 7810D-AVR-01/15},
}

@Manual{attiny85,
  author = {Atmel},
  title        = {Atmel 8-bit AVR Microcontroller with 2/4/8K
Bytes In-System Programmable Flash},
  number       = {ATtiny25/V / ATtiny45/V / ATtiny85/V},
  note         = {Datasheet 2586Q-AVR-08/2013},
}

@Manual{atmega2560,
  author = {Atmel},
  title        = {8-bit Atmel Microcontroller with 16/32/64KB In-System Programmable Flash},
  number       = {Atmel ATmega640/V-1280/V-1281/V-2560/V-2561/V},
  note         = {Datasheet 2549Q–AVR–02/2014},
}

@Manual{multiplexer,
  author = {Texas Instruments},
  title        = {CD405xB CMOS Single 8-Channel Analog Multiplexer/Demultiplexer with Logic-Level Conversion},
  number       = {CD4051B},
  note         = {Datasheet SCHS047I, Rev. 2017},
}

@Manual{switch2,
  author = {Texas Instruments},
  title        = {CD4066B CMOS Quad Bilateral Switch},
  number       = {CD4066B},
  note         = {Datasheet SCHS051H, Rev. 2020},
}

@Manual{switch1,
  author = {ON Semiconductor},
  title        = {Quad Analog Switch/Quad Multiplexer},
  number       = {MC14066B},
  note         = {Datasheet SCHS047I, Rev. 2017},
}

@Manual{step-up,
  author = {ON Semiconductor},
  title        = {1.5 A, Step-Up/Down/
Inverting Switching
Regulators},
  number       = {MC34063A},
  note         = {Datasheet MC34063A/D, Rev. 2010},
}

@online{AVRprog, 
    author = {Matthias Neeracher},
    title = {ScratchMonkey - Overview},
    year = 2016,
    url = {https://microtherion.github.io/ScratchMonkey/Overview.html},
    urldate = {2022-03-14}
}

@online{ArduinoMega, 
    author = {Arduino},
    title = {Arduino Mega},
    url = {https://www.arduino.cc/en/pmwiki.php?n=Main/ArduinoBoardMega},
    urldate = {2022-03-15}
}